\begin{thebibliography}{10}
\providecommand{\url}[1]{\texttt{#1}}
\providecommand{\urlprefix}{URL }
\expandafter\ifx\csname urlstyle\endcsname\relax
  \providecommand{\doi}[1]{doi:\discretionary{}{}{}#1}\else
  \providecommand{\doi}{doi:\discretionary{}{}{}\begingroup
  \urlstyle{rm}\Url}\fi
\providecommand{\eprint}[2][]{\url{#2}}

\bibitem{2023arXiv231001231P}
S.~G. {Pearson} and M.~J. {McCaughrean},
\newblock \emph{{Jupiter Mass Binary Objects in the Trapezium Cluster}},
\newblock arXiv e-prints arXiv:2310.01231 (2023),
\newblock \doi{10.48550/arXiv.2310.01231},
\newblock \eprint{2310.01231}.

\bibitem{2000Sci...290..103Z}
M.~R. {Zapatero Osorio}, V.~J.~S. {B{\'e}jar}, E.~L. {Mart{\'\i}n},
  R.~{Rebolo}, D.~{Barrado y Navascu{\'e}s}, C.~A.~L. {Bailer-Jones} and
  R.~{Mundt},
\newblock \emph{{Discovery of Young, Isolated Planetary Mass Objects in the
  {\ensuremath{\sigma}} Orionis Star Cluster}},
\newblock Science \textbf{290}(5489), 103 (2000),
\newblock \doi{10.1126/science.290.5489.103}.

\bibitem{2000MNRAS.314..858L}
P.~W. {Lucas} and P.~F. {Roche},
\newblock \emph{{A population of very young brown dwarfs and free-floating
  planets in Orion}},
\newblock \mnras \textbf{314}, 858 (2000),
\newblock \doi{10.1046/j.1365-8711.2000.03515.x},
\newblock \eprint{arXiv:astro-ph/0003061}.

\bibitem{2000AGM....17..A11M}
R.~{Mundt}, C.~A.~L. {Bailer-Jones}, M.~R. {Zapatero Osorio}, V.~J.~S.
  {B{\'e}jar}, R.~{Rebolo}, D.~{Barrado Y Navascu{\'e}s} and E.~L. {Martin},
\newblock \emph{{Discovery of Very Young Free-floating Giant Planets in the
  {\ensuremath{\sigma}} Orionis Cluster}},
\newblock In \emph{Astronomische Gesellschaft Meeting Abstracts}, vol.~17 of
  \emph{Astronomische Gesellschaft Meeting Abstracts} (2000).

\bibitem{2022NatAs...6...89M}
N.~{Miret-Roig}, H.~{Bouy}, S.~N. {Raymond}, M.~{Tamura}, E.~{Bertin},
  D.~{Barrado}, J.~{Olivares}, P.~A.~B. {Galli}, J.-C. {Cuillandre}, L.~M.
  {Sarro}, A.~{Berihuete} and N.~{Hu{\'e}lamo},
\newblock \emph{{A rich population of free-floating planets in the Upper
  Scorpius young stellar association}},
\newblock Nature Astronomy \textbf{6}, 89 (2022),
\newblock \doi{10.1038/s41550-021-01513-x},
\newblock \eprint{2112.11999}.

\bibitem{2011Natur.473..349S}
T.~{Sumi}, K.~{Kamiya}, D.~P. {Bennett}, I.~A. {Bond}, F.~{Abe}, C.~S.
  {Botzler}, A.~{Fukui}, K.~{Furusawa}, J.~B. {Hearnshaw}, Y.~{Itow}, P.~M.
  {Kilmartin}, A.~{Korpela} \emph{et~al.},
\newblock \emph{{Unbound or distant planetary mass population detected by
  gravitational microlensing}},
\newblock \nat \textbf{473}, 349 (2011),
\newblock \doi{10.1038/nature10092},
\newblock \eprint{1105.3544}.

\bibitem{2023Ap&SS.368...17M}
N.~{Miret-Roig},
\newblock \emph{{The origin of free-floating planets}},
\newblock \apss \textbf{368}(3), 17 (2023),
\newblock \doi{10.1007/s10509-023-04175-5},
\newblock \eprint{2303.05522}.

\bibitem{1976MNRAS.176..367L}
C.~{Low} and D.~{Lynden-Bell},
\newblock \emph{{The minimum Jeans mass or when fragmentation must stop.}},
\newblock \mnras \textbf{176}, 367 (1976),
\newblock \doi{10.1093/mnras/176.2.367}.

\bibitem{2005A&A...430.1059B}
D.~F.~A. {Boyd} and A.~P. {Whitworth},
\newblock \emph{{The minimum mass for opacity-limited fragmentation in
  turbulent cloud cores}},
\newblock \aap \textbf{430}, 1059 (2005),
\newblock \doi{10.1051/0004-6361:20041703},
\newblock \eprint{astro-ph/0411495}.

\bibitem{2006A&A...458..817W}
A.~P. {Whitworth} and D.~{Stamatellos},
\newblock \emph{{The minimum mass for star formation, and the origin of binary
  brown dwarfs}},
\newblock \aap \textbf{458}(3), 817 (2006),
\newblock \doi{10.1051/0004-6361:20065806},
\newblock \eprint{astro-ph/0610039}.

\bibitem{2023arXiv231015603C}
C.~{Chen}, R.~G. {Martin}, S.~H. {Lubow} and C.~J. {Nixon},
\newblock \emph{{Tilted circumbinary planetary systems as efficient progenitors
  of free-floating planets}},
\newblock arXiv e-prints arXiv:2310.15603 (2023),
\newblock \eprint{2310.15603}.

\bibitem{2019A&A...624A.120V}
A.~{van Elteren}, S.~{Portegies Zwart}, I.~{Pelupessy}, M.~X. {Cai} and
  S.~L.~W. {McMillan},
\newblock \emph{{Survivability of planetary systems in young and dense star
  clusters}},
\newblock \aap \textbf{624}, A120 (2019),
\newblock \doi{10.1051/0004-6361/201834641},
\newblock \eprint{1902.04652}.

\bibitem{1996Sci...274..954R}
F.~A. {Rasio} and E.~B. {Ford},
\newblock \emph{{Dynamical instabilities and the formation of extrasolar
  planetary systems}},
\newblock Science \textbf{274}, 954 (1996),
\newblock \doi{10.1126/science.274.5289.954}.

\bibitem{2015MNRAS.453.2759Z}
X.~{Zheng}, M.~B.~N. {Kouwenhoven} and L.~{Wang},
\newblock \emph{{The dynamical fate of planetary systems in young star
  clusters}},
\newblock \mnras \textbf{453}, 2759 (2015),
\newblock \doi{10.1093/mnras/stv1832},
\newblock \eprint{1508.01593}.

\bibitem{2002ApJ...565.1251H}
J.~R. {Hurley} and M.~M. {Shara},
\newblock \emph{{Free-floating Planets in Stellar Clusters: Not So
  Surprising}},
\newblock \apj \textbf{565}, 1251 (2002),
\newblock \doi{10.1086/337921},
\newblock \eprint{astro-ph/0108350}.

\bibitem{2017MNRAS.470.4337C}
M.~X. {Cai}, M.~B.~N. {Kouwenhoven}, S.~F. {Portegies Zwart} and R.~{Spurzem},
\newblock \emph{{Stability of multiplanetary systems in star clusters}},
\newblock \mnras \textbf{470}, 4337 (2017),
\newblock \doi{10.1093/mnras/stx1464},
\newblock \eprint{1706.03789}.

\bibitem{2019MNRAS.489.2280F}
F.~{Flammini Dotti}, M.~B.~N. {Kouwenhoven}, M.~X. {Cai} and R.~{Spurzem},
\newblock \emph{{Planetary systems in a star cluster I: the Solar system
  scenario}},
\newblock \mnras \textbf{489}(2), 2280 (2019),
\newblock \doi{10.1093/mnras/stz2346},
\newblock \eprint{1908.07747}.

\bibitem{2001Icar..150..303F}
E.~B. {Ford}, M.~{Havlickova} and F.~A. {Rasio},
\newblock \emph{{Dynamical Instabilities in Extrasolar Planetary Systems
  Containing Two Giant Planets}},
\newblock \icarus \textbf{150}(2), 303 (2001),
\newblock \doi{10.1006/icar.2001.6588},
\newblock \eprint{astro-ph/0010178}.

\bibitem{2013MNRAS.433..867H}
W.~{Hao}, M.~B.~N. {Kouwenhoven} and R.~{Spurzem},
\newblock \emph{{The dynamical evolution of multiplanet systems in open
  clusters}},
\newblock \mnras \textbf{433}, 867 (2013),
\newblock \doi{10.1093/mnras/stt771},
\newblock \eprint{1305.1413}.

\bibitem{2020MNRAS.497.1807S}
K.~{Stock}, M.~X. {Cai}, R.~{Spurzem}, M.~B.~N. {Kouwenhoven} and S.~{Portegies
  Zwart},
\newblock \emph{{On the survival of resonant and non-resonant planetary systems
  in star clusters}},
\newblock \mnras \textbf{497}(2), 1807 (2020),
\newblock \doi{10.1093/mnras/staa2047},
\newblock \eprint{2007.11601}.

\bibitem{2021ApJS..253....7K}
J.~D. {Kirkpatrick}, C.~R. {Gelino}, J.~K. {Faherty}, A.~M. {Meisner},
  D.~{Caselden}, A.~C. {Schneider}, F.~{Marocco}, A.~J. {Cayago}, R.~L.
  {Smart}, P.~R. {Eisenhardt}, M.~J. {Kuchner}, E.~L. {Wright} \emph{et~al.},
\newblock \emph{{The Field Substellar Mass Function Based on the Full-sky 20 pc
  Census of 525 L, T, and Y Dwarfs}},
\newblock \apjs \textbf{253}(1), 7 (2021),
\newblock \doi{10.3847/1538-4365/abd107},
\newblock \eprint{2011.11616}.

\bibitem{2017ApJ...843L...4B}
W.~M.~J. {Best}, M.~C. {Liu}, T.~J. {Dupuy} and E.~A. {Magnier},
\newblock \emph{{The Young L Dwarf 2MASS J11193254-1137466 Is a Planetary-mass
  Binary}},
\newblock \apjl \textbf{843}(1), L4 (2017),
\newblock \doi{10.3847/2041-8213/aa76df},
\newblock \eprint{1706.01883}.

\bibitem{2013ApJ...764..101B}
C.~{Beichman}, C.~R. {Gelino}, J.~D. {Kirkpatrick}, T.~S. {Barman}, K.~A.
  {Marsh}, M.~C. {Cushing} and E.~L. {Wright},
\newblock \emph{{The Coldest Brown Dwarf (or Free-floating Planet)?: The Y
  Dwarf WISE 1828+2650}},
\newblock \apj \textbf{764}(1), 101 (2013),
\newblock \doi{10.1088/0004-637X/764/1/101},
\newblock \eprint{1301.1669}.

\bibitem{2023ApJ...947L..30C}
P.~{Calissendorff}, M.~{De Furio}, M.~{Meyer}, L.~{Albert}, C.~{Aganze},
  M.~{Ali-Dib}, D.~C. {Bardalez Gagliuffi}, F.~{Baron}, C.~A. {Beichman}, A.~J.
  {Burgasser}, M.~C. {Cushing}, J.~K. {Faherty} \emph{et~al.},
\newblock \emph{{JWST/NIRCam Discovery of the First Y+Y Brown Dwarf Binary:
  WISE J033605.05-014350.4}},
\newblock \apjl \textbf{947}(2), L30 (2023),
\newblock \doi{10.3847/2041-8213/acc86d},
\newblock \eprint{2303.16923}.

\bibitem{2017AJ....154..112K}
K.~{Kellogg}, S.~{Metchev}, P.~A. {Miles-P{\'a}ez} and M.~E. {Tannock},
\newblock \emph{{A Statistical Survey of Peculiar L and T Dwarfs in SDSS,
  2MASS, and WISE}},
\newblock \aj \textbf{154}(3), 112 (2017),
\newblock \doi{10.3847/1538-3881/aa83b0},
\newblock \eprint{1708.03688}.

\bibitem{2019A&A...629A.145E}
S.~C. {Eriksson}, M.~{Janson} and P.~{Calissendorff},
\newblock \emph{{Detection of new strongly variable brown dwarfs in the L/T
  transition}},
\newblock \aap \textbf{629}, A145 (2019),
\newblock \doi{10.1051/0004-6361/201935671},
\newblock \eprint{1910.02638}.

\bibitem{2016ApJ...819..125C}
C.~{Clanton} and B.~S. {Gaudi},
\newblock \emph{{Synthesizing Exoplanet Demographics: A Single Population of
  Long-period Planetary Companions to M Dwarfs Consistent with Microlensing,
  Radial Velocity, and Direct Imaging Surveys}},
\newblock \apj \textbf{819}(2), 125 (2016),
\newblock \doi{10.3847/0004-637X/819/2/125},
\newblock \eprint{1508.04434}.

\bibitem{2023arXiv231006016W}
Y.~{Wang}, R.~{Perna} and Z.~{Zhu},
\newblock \emph{{Floating binary planets from ejections during close stellar
  encounters}},
\newblock arXiv e-prints arXiv:2310.06016 (2023),
\newblock \doi{10.48550/arXiv.2310.06016},
\newblock \eprint{2310.06016}.

\bibitem{2010MNRAS.404.1835K}
M.~B.~N. {Kouwenhoven}, S.~P. {Goodwin}, R.~J. {Parker}, M.~B. {Davies},
  D.~{Malmberg} and P.~{Kroupa},
\newblock \emph{{The formation of very wide binaries during the star cluster
  dissolution phase}},
\newblock \mnras \textbf{404}(4), 1835 (2010),
\newblock \doi{10.1111/j.1365-2966.2010.16399.x},
\newblock \eprint{1001.3969}.

\bibitem{2012ApJ...750...83P}
H.~B. {Perets} and M.~B.~N. {Kouwenhoven},
\newblock \emph{{On the Origin of Planets at Very Wide Orbits from the
  Recapture of Free Floating Planets}},
\newblock \apj \textbf{750}, 83 (2012),
\newblock \doi{10.1088/0004-637X/750/1/83},
\newblock \eprint{1202.2362}.

\bibitem{2018MNRAS.473.1589G}
N.~{Goulinski} and E.~N. {Ribak},
\newblock \emph{{Capture of free-floating planets by planetary systems}},
\newblock \mnras \textbf{473}(2), 1589 (2018),
\newblock \doi{10.1093/mnras/stx2506},
\newblock \eprint{1705.10332}.

\bibitem{1911MNRAS..71..460P}
H.~C. {Plummer},
\newblock \emph{{On the problem of distribution in globular star clusters}},
\newblock \mnras \textbf{71}, 460 (1911).

\bibitem{2004A&A...413..929G}
S.~P. {Goodwin} and A.~P. {Whitworth},
\newblock \emph{{The dynamical evolution of fractal star clusters: The survival
  of substructure}},
\newblock \aap \textbf{413}, 929 (2004),
\newblock \doi{10.1051/0004-6361:20031529},
\newblock \eprint{astro-ph/0310333}.

\bibitem{1975MNRAS.173..729H}
D.~C. {Heggie},
\newblock \emph{Binary evolution in stellar dynamics},
\newblock \mnras \textbf{173}, 729 (1975).

\bibitem{2002Sci...295...82K}
P.~{Kroupa},
\newblock \emph{{The Initial Mass Function of Stars: Evidence for Uniformity in
  Variable Systems}},
\newblock Science \textbf{295}, 82 (2002),
\newblock \doi{10.1126/science.1067524},
\newblock \eprint{arXiv:astro-ph/0201098}.

\bibitem{2023AJ....166..108S}
T.~{Sumi}, N.~{Koshimoto}, D.~P. {Bennett}, N.~J. {Rattenbury}, F.~{Abe},
  R.~{Barry}, A.~{Bhattacharya}, I.~A. {Bond}, H.~{Fujii}, A.~{Fukui},
  R.~{Hamada}, Y.~{Hirao} \emph{et~al.},
\newblock \emph{{Free-floating Planet Mass Function from MOA-II 9 yr Survey
  toward the Galactic Bulge}},
\newblock \aj \textbf{166}(3), 108 (2023),
\newblock \doi{10.3847/1538-3881/ace688},
\newblock \eprint{2303.08280}.

\bibitem{1910AN....183..345V}
H.~{von Zeipel},
\newblock \emph{{Sur l'application des s{\'e}ries de M. Lindstedt {\`a}
  l'{\'e}tude du mouvement des com{\`e}tes p{\'e}riodiques}},
\newblock Astronomische Nachrichten \textbf{183}(22), 345 (1910),
\newblock \doi{10.1002/asna.19091832202}.

\bibitem{1962PSS..9..719L}
M.~{Lidov},
\newblock Planet. Space Sci. \textbf{9}, 719 (1962).

\bibitem{1962AJ.....67..591K}
Y.~{Kozai},
\newblock \emph{{Secular perturbations of asteroids with high inclination and
  eccentricity}},
\newblock \aj \textbf{67}, 591 (1962).

\bibitem{2022A&A...659A..86P}
S.~F. {Portegies Zwart}, T.~C.~N. {Boekholt}, E.~H. {Por}, A.~S. {Hamers} and
  S.~L.~W. {McMillan},
\newblock \emph{{Chaos in self-gravitating many-body systems. Lyapunov time
  dependence of N and the influence of general relativity}},
\newblock \aap \textbf{659}, A86 (2022),
\newblock \doi{10.1051/0004-6361/202141789},
\newblock \eprint{2109.11012}.

\bibitem{2013CoPhC.183..456P}
S.~{Portegies Zwart}, S.~L.~W. {McMillan}, E.~{van Elteren}, I.~{Pelupessy} and
  N.~{de Vries},
\newblock \emph{{Multi-physics simulations using a hierarchical interchangeable
  software interface}},
\newblock Computer Physics Communications \textbf{183}, 456 (2013),
\newblock \doi{http://dx.doi.org/10.1016/j.cpc.2012.09.024},
\newblock \eprint{1204.5522}.

\bibitem{2013AA...557A..84P}
F.~I. {Pelupessy}, A.~{van Elteren}, N.~{de Vries}, S.~L.~W. {McMillan},
  N.~{Drost} and S.~F. {Portegies Zwart},
\newblock \emph{{The Astrophysical Multipurpose Software Environment}},
\newblock \aap \textbf{557}, A84 (2013),
\newblock \doi{10.1051/0004-6361/201321252},
\newblock \eprint{1307.3016}.

\bibitem{2018araa.book.....P}
S.~{Portegies Zwart} and S.~{McMillan},
\newblock \emph{{Astrophysical Recipes; The art of AMUSE}},
\newblock \doi{10.1088/978-0-7503-1320-9} (2018).

\bibitem{2041-8205-785-1-L3}
S.~{Portegies Zwart} and T.~Boekholt,
\newblock \emph{On the minimal accuracy required for simulating
  self-gravitating systems by means of direct n-body methods},
\newblock The Astrophysical Journal Letters \textbf{785}(1), L3 (2014).

\bibitem{1961BAN....15..265B}
A.~{Blaauw},
\newblock \emph{{On the origin of the O- and B-type stars with high velocities
  (the "run-away" stars), and some related problems}},
\newblock \bain \textbf{15}, 265 (1961).

\bibitem{2005A&A...441..195V}
S.~M. {Vicente} and J.~{Alves},
\newblock \emph{{Size distribution of circumstellar disks in the Trapezium
  cluster}},
\newblock \aap \textbf{441}, 195 (2005),
\newblock \doi{10.1051/0004-6361:20053540},
\newblock \eprint{astro-ph/0506585}.

\bibitem{1976A&A....53..259A}
S.~J. {Aarseth} and D.~C. {Heggie},
\newblock \emph{{The probability of binary formation by three-body
  encounters}},
\newblock \aap \textbf{53}, 259 (1976).

\bibitem{2011MNRAS.415.1179M}
N.~{Moeckel} and C.~J. {Clarke},
\newblock \emph{{The formation of permanent soft binaries in dispersing
  clusters}},
\newblock \mnras \textbf{415}(2), 1179 (2011),
\newblock \doi{10.1111/j.1365-2966.2011.18731.x},
\newblock \eprint{1103.2306}.

\bibitem{2000IJoMP...15..4871P}
S.~F. {Portegies Zwart} and S.~L.~W. {McMillan},
\newblock \emph{{Gravitational thermodynamics and black-hole mergers}},
\newblock Int, J, of Mod. Phys, A \textbf{15}, 4871 (2000),
\newblock \doi{10.1142/S0217751X00002135}.

\bibitem{10.5555/1593511}
G.~Van~Rossum and F.~L. Drake,
\newblock \emph{Python 3 Reference Manual},
\newblock CreateSpace, Scotts Valley, CA,
\newblock ISBN 1441412697 (2009).

\bibitem{Oliphant2006ANumPy}
T.~E. Oliphant,
\newblock \emph{{A guide to NumPy}}, vol.~1,
\newblock Trelgol Publishing USA (2006).

\bibitem{2020SciPy-NMeth}
P.~Virtanen, R.~Gommers, T.~E. Oliphant, M.~Haberland, T.~Reddy, D.~Cournapeau,
  E.~Burovski, P.~Peterson, W.~Weckesser, J.~Bright, S.~J. {van der Walt},
  M.~Brett \emph{et~al.},
\newblock \emph{{{SciPy} 1.0: Fundamental Algorithms for Scientific Computing
  in Python}},
\newblock Nature Methods \textbf{17}, 261 (2020),
\newblock \doi{10.1038/s41592-019-0686-2}.

\bibitem{2007CSE.....9...90H}
J.~D. {Hunter},
\newblock \emph{{Matplotlib: A 2D Graphics Environment}},
\newblock Computing in Science and Engineering \textbf{9}, 90 (2007),
\newblock \doi{10.1109/MCSE.2007.55}.

\bibitem{2020NatAs...4..819P}
S.~{Portegies Zwart},
\newblock \emph{{The ecological impact of high-performance computing in
  astrophysics}},
\newblock Nature Astronomy \textbf{4}, 819 (2020),
\newblock \doi{10.1038/s41550-020-1208-y},
\newblock \eprint{2009.11295}.

\bibitem{doi:10.1002/cpe.3489}
M.~Wittmann, G.~Hager, T.~Zeiser, J.~Treibig and G.~Wellein,
\newblock \emph{Chip-level and multi-node analysis of energy-optimized lattice
  boltzmann cfd simulations},
\newblock Concurrency and Computation: Practice and Experience \textbf{28}(7),
  2295 (2016),
\newblock \doi{10.1002/cpe.3489},
\newblock \eprint{https://onlinelibrary.wiley.com/doi/pdf/10.1002/cpe.3489}.

\end{thebibliography}
